<?xml version="1.0" encoding="UTF-8"?><collection xmlns="http://www.loc.gov/MARC21/slim"><record><leader>00585nam--2200193-i-4500</leader><controlfield tag="001">000033967</controlfield><controlfield tag="002">20161230</controlfield><controlfield tag="005">20161230201039</controlfield><controlfield tag="008">060222s1000------------r-----000-0-eng-d</controlfield><datafield ind1=" " ind2=" " tag="040"><subfield code="a">IFIN-HH</subfield></datafield><datafield ind1=" " ind2=" " tag="080"><subfield code="a">519.3(061.3)</subfield></datafield><datafield ind1="1" ind2=" " tag="100"><subfield code="a">Morse, Marston</subfield></datafield><datafield ind1="1" ind2="0" tag="245"><subfield code="a">The calculus of variations in the large</subfield><subfield code="c">Marston morse</subfield></datafield><datafield ind1=" " ind2=" " tag="250"><subfield code="a">Fifth Printing</subfield></datafield><datafield ind1=" " ind2=" " tag="260"><subfield code="a">Ann Arbor, Michigan</subfield><subfield code="b">American Mathematical Society</subfield><subfield code="c">1966</subfield></datafield><datafield ind1=" " ind2=" " tag="300"><subfield code="a">IX + 368P</subfield></datafield><datafield ind1=" " ind2=" " tag="490"><subfield code="a">American Mathematical Society Colloquium Publications</subfield><subfield code="v">Volume Xviii</subfield></datafield><datafield ind1=" " ind2=" " tag="852"><subfield code="a">39812</subfield><subfield code="c">519.3</subfield></datafield><datafield ind1=" " ind2=" " tag="CAT"><subfield code="a">Sys</subfield><subfield code="c">20130808</subfield><subfield code="h">161937</subfield></datafield></record></collection>